@online{ROS,
author = {-},
title  = {ROS - Robot operating system},
date   = {2014-04},
url    = {http://www.ros.org/}
}
@Misc{band_errors,
howpublished = {\url{http://msdn.microsoft.com/en-us/library/jj131032}},
note = {Accessed May, 2014},
title  = {Kinect for Windows - Depth image artifacts},
author = {Microsoft}
}